@Book{DUMMY:001,
author = {Guy Gnole},
year = {Vendredi 13 juin 666},
title = {The {\TeX} Book},
publisher = {A random guy}
}
